<record><leader>00000cas a22000007a 4500</leader><controlfield tag="001">11851325</controlfield><controlfield tag="008">850326d19211923utuwr ne      0    0eng d</controlfield><datafield ind1=" " ind2=" " tag="010"><subfield code="a">sn 85058078 </subfield></datafield><datafield ind1=" " ind2=" " tag="040"><subfield code="a">UNP</subfield><subfield code="b">eng</subfield><subfield code="c">UNP</subfield><subfield code="d">OCLCQ</subfield></datafield><datafield ind1=" " ind2=" " tag="042"><subfield code="a">msc</subfield></datafield><datafield ind1="0" ind2="4" tag="245"><subfield code="a">The Sugar House times.</subfield></datafield><datafield ind1=" " ind2=" " tag="260"><subfield code="a">Salt Lake City, Utah :</subfield><subfield code="b">Sugar House Pub. Co.,</subfield><subfield code="c">1921-1923.</subfield></datafield><datafield ind1=" " ind2=" " tag="300"><subfield code="a">3 v. :</subfield><subfield code="b">ill.</subfield></datafield><datafield ind1=" " ind2=" " tag="310"><subfield code="a">Weekly</subfield></datafield><datafield ind1="0" ind2=" " tag="362"><subfield code="a">Vol. 1, no. 2 (Mar. 19, 1921)-v. 3, no. 17 (July 27, 1923).</subfield></datafield><datafield ind1=" " ind2=" " tag="752"><subfield code="a">United States</subfield><subfield code="b">Utah</subfield><subfield code="c">Salt Lake</subfield><subfield code="d">Salt Lake City.</subfield></datafield><datafield ind1="0" ind2="0" tag="780"><subfield code="t">Booster (Salt Lake City, Utah)</subfield><subfield code="w">(DLC)sn 85058061</subfield><subfield code="w">(OCoLC)11851341</subfield></datafield><datafield ind1="0" ind2="0" tag="785"><subfield code="t">East Salt Lake times</subfield><subfield code="w">(DLC)sn 85058076</subfield><subfield code="w">(OCoLC)11851292</subfield></datafield></record>